@techreport{
    opandfunc,
    AUTHOR="K. E. Iverson",
    TITLE="{Operators and Functions}",
    INSTITUTION="{IBM Thomas J. Watson Research Center}",
    YEAR=1978
}

@techreport{
	rapl,
	AUTHOR="K. E. Iverson",
	TITLE="{Rationalized APL}",
	INSTITUTION="{I.P. Sharp Associates}",
	YEAR=1983
}

@article{
    pc,
    AUTHOR="Prokopec, A. and Bagwell, P. and Rompf, T. and Odersky, M",
    YEAR=2011,
    TITLE="A generic parallel collection framework",
	JOURNAL={Euro-Par 2011 Parallel Processing},
    PAGES="136-147"
}

@techreport{
	scala,
	AUTHOR="Martin Odersky and Philippe Altherr and Vincent Cremet and Iulian Dragos and Gilles Dubochet and Burak Emir and Sean McDirmid and Stephane Micheloud and Nikolay Mihaylov and Michel Schinz and Erik Stenman and Lex Spoon and Matthias Zenger",
	TITLE={An Overview of the Scala Programming Language},
	YEAR=2006,
	INSTITUTION="EFPL",
	TYPE={Technical Report LAMP-REPORT-2006-001}
	
}

@article{
    dph,
    AUTHOR="Keller, G. and Chakravarty, M. M. and Leshchinskiy, R. and Peyton Jones, S. and Lippmeier, B.",
    YEAR=2010,
    TITLE={Regular, Shape-polymorphic, Parallel Arrays in Haskell},
    JOURNAL={ACM SIGPLAN Notices},
    PAGES="261,272"
}

@inproceedings{
	rankanduni,
	AUTHOR="Hui, Roger KW",
	TITLE="{Rank and Uniformity}",
	BOOKTITLE={APL '95 Proceedings of the international conference on Applied programming languages},
	YEAR="1995",
	ORGANIZATION="{ACM SIGAPL}"
}

@MISC{
	jvocab,
	AUTHOR="Hui, Roger K. W. and Iverson, K. E.",
	TITLE={J Introduction \& Dictionary},
	HOWPUBLISHED="{J Software, Inc.} \url{http://www.jsoftware.com/help/dictionary/vocabul.htm}"
}

@MISC{
	dapl,
	AUTHOR="{Dyalog Limited}",
	TITLE={Dyalog APL: Version 13.2 Documentation Centre},
	YEAR=2012
}

@MISC{
	scala28col,
	AUTHOR="Martin Odersky",
	TITLE="{Scala 2.8 Collections}",
	YEAR=2009
}

@MISC{
	scala210,
	AUTHOR="{École Polytechnique Fédérale de Lausanne (EPFL)}", 
	TITLE="Scala 2.10",
	YEAR=2013
}

@MISC{
	boost,
	AUTHOR="Ronald Garcia et al.",
	TITLE="{The Boost Multidimensional Array Library}",
	HOWPUBLISHED="{Boost C++ Libraries} \url{http://www.boost.org/doc/libs/1_53_0/libs/multi_array/doc/user.html}"
}

@ARTICLE{
	sac,
	AUTHOR="S. B. Scholz",
	TITLE="{Single-Assignment C} - efficient support for high level array operations in a functional setting",
	JOURNAL="{Journal of Functional Programming}",
	YEAR=2003
}

@MISC{
	ioj,
	AUTHOR="Hui, Roger KW",
	TITLE="{An Implementation of J}",
	YEAR=1992,
	HOWPUBLISHED="{Iverson Software, Inc}"
}

@MISC{
	gol,
	AUTHOR="Martin Gardner",
	YEAR=1970,
	MONTH=10,
	TITLE="{Mathematical Games - The Fantastic combinations of {John Conway's} New Solitaire Game "Life"}",
	HOWPUBLISHED="{Scientific American} 223. pg 120-123"
}

@BOOK{
	mass,
	AUTHOR="Timothy G. Mattson and Beveryl A. Sanders and Berna L. Massingill",
	TITLE="{Patterns for Parallel Programming}",
	PUBLISHER="Addison-Wesley",
	YEAR=2010
}

@BOOK{
	designp,
	AUTHOR="Gamma, Erich and Richard Helm and Ralph Johnson and John Vlissides",
	TITLE="{Design Patterns: Elements of Reusable Object-Oriented Software}",
	PUBLISHER={Addison-Wesley},
	YEAR=1995
}

@article{
	mergeomp,
	title={Shared Memory, Message Passing, and Hybrid Merge Sorts for Standalone and Clustered SMPs},
    author={Radenski, Atanas},
	journal={Proc. PDPAT},
	volume={11},
	pages={367--373}
}

@MISC{
	openmp,
	AUTHOR={{OpenMP Architecture Review Boad}},
	TITLE={{OpenMP} Application Program Interface},
	HOWPUBLISHED="\url{http://www.openmp.org}"
}

@MISC{
	jweb,
	AUTHOR={Jsoftware Inc.},
	TITLE={Jsoftware: High-Performance Development Software}
	HOWPUBLISHED="\url{www.jsoftware.com}"
}

@MISC{
	shapeless,
	AUTHOR="Miles Sabin",
	TITLE={Shapeless: An Exploration of generic/polytypic programming in Scala},
	HOWPUBLISHED="\url{https://github.com/milessabin/shapeless}"
}

@MISC{
	mpi,
    author = {The MPI Forum},
    title = {{MPI}: A Message Passing Interface},
    year = {1993}
}
